{"prime":"con","number_set":{"balancesheet":[["Share Capital",{"2008-03-31":23.98,"2016-03-31":44.01,"2014-03-31":23.98,"2011-03-31":23.98,"2015-03-31":36.22,"2013-03-31":23.98,"2006-03-31":41.8,"2012-03-31":23.98,"2017-03-31":44.01,"2010-03-31":23.98,"2009-03-31":23.98,"2007-03-31":23.98}],["Reserves",{"2008-03-31":183.16,"2016-03-31":500.36,"2014-03-31":207.13,"2011-03-31":153.88,"2015-03-31":324.54,"2013-03-31":188.82,"2006-03-31":131.92,"2012-03-31":165.43,"2017-03-31":471.69,"2010-03-31":137.51,"2009-03-31":216.61,"2007-03-31":157.3}],["Borrowings",{"2008-03-31":11.68,"2016-03-31":384.52,"2014-03-31":111.46,"2011-03-31":52.26,"2015-03-31":460.28,"2013-03-31":66.66,"2006-03-31":55.11,"2012-03-31":78.01,"2017-03-31":413.91,"2010-03-31":168.91,"2009-03-31":201.71,"2007-03-31":1.3}],["Other Liabilities",{"2008-03-31":126.61,"2016-03-31":189.0,"2014-03-31":110.74,"2011-03-31":106.44,"2015-03-31":186.27,"2013-03-31":92.64,"2006-03-31":92.3,"2012-03-31":86.89,"2017-03-31":269.92,"2010-03-31":93.11,"2009-03-31":174.37,"2007-03-31":105.06}],["Total Liabilities",{"2008-03-31":345.43,"2016-03-31":1117.89,"2014-03-31":453.31,"2011-03-31":336.56,"2015-03-31":1007.31,"2013-03-31":372.1,"2006-03-31":292.61,"2012-03-31":354.31,"2017-03-31":1199.53,"2010-03-31":423.51,"2009-03-31":616.67,"2007-03-31":287.64}],["Fixed Assets",{"2008-03-31":80.78,"2016-03-31":578.9,"2014-03-31":137.83,"2011-03-31":86.42,"2015-03-31":629.58,"2013-03-31":85.94,"2006-03-31":51.98,"2012-03-31":83.08,"2017-03-31":582.5,"2010-03-31":91.39,"2009-03-31":87.56,"2007-03-31":78.4}],["CWIP",{"2008-03-31":0.42,"2016-03-31":12.01,"2014-03-31":2.73,"2011-03-31":5.06,"2015-03-31":3.87,"2013-03-31":4.44,"2006-03-31":4.86,"2012-03-31":1.39,"2017-03-31":22.81,"2010-03-31":3.85,"2009-03-31":17.17,"2007-03-31":2.4}],["Investments",{"2008-03-31":0.0,"2016-03-31":2.93,"2014-03-31":3.9,"2011-03-31":6.09,"2015-03-31":2.23,"2013-03-31":0.0,"2006-03-31":0.0,"2012-03-31":0.0,"2017-03-31":77.3,"2010-03-31":6.09,"2009-03-31":0.0,"2007-03-31":0.0}],["Other Assets",{"2008-03-31":264.23,"2016-03-31":524.05,"2014-03-31":308.85,"2011-03-31":238.99,"2015-03-31":371.63,"2013-03-31":281.72,"2006-03-31":235.77,"2012-03-31":269.84,"2017-03-31":516.92,"2010-03-31":322.18,"2009-03-31":511.94,"2007-03-31":206.84}],["Total Assets",{"2008-03-31":345.43,"2016-03-31":1117.89,"2014-03-31":453.31,"2011-03-31":336.56,"2015-03-31":1007.31,"2013-03-31":372.1,"2006-03-31":292.61,"2012-03-31":354.31,"2017-03-31":1199.53,"2010-03-31":423.51,"2009-03-31":616.67,"2007-03-31":287.64}]],"annual":[["Sales",{"2008-03-31":367.51,"2016-03-31":542.96,"2014-03-31":335.16,"2011-03-31":276.79,"2015-03-31":544.33,"2013-03-31":303.82,"2006-03-31":35.87,"2012-03-31":307.22,"2017-03-31":550.28,"2010-03-31":529.29,"2009-03-31":522.13,"2007-03-31":240.51}],["Expenses",{"2008-03-31":299.75,"2016-03-31":470.37,"2014-03-31":309.69,"2011-03-31":234.39,"2015-03-31":506.18,"2013-03-31":266.28,"2006-03-31":31.88,"2012-03-31":270.54,"2017-03-31":500.77,"2010-03-31":436.85,"2009-03-31":438.49,"2007-03-31":232.8}],["Operating Profit",{"2008-03-31":67.76,"2016-03-31":72.59,"2014-03-31":25.47,"2011-03-31":42.4,"2015-03-31":38.15,"2013-03-31":37.54,"2006-03-31":3.99,"2012-03-31":36.68,"2017-03-31":49.51,"2010-03-31":92.44,"2009-03-31":83.64,"2007-03-31":7.71}],["OPM",{"2008-03-31":18.44,"2016-03-31":13.37,"2014-03-31":7.6,"2011-03-31":15.32,"2015-03-31":7.01,"2013-03-31":12.36,"2006-03-31":11.12,"2012-03-31":11.94,"2017-03-31":9.0,"2010-03-31":17.46,"2009-03-31":16.02,"2007-03-31":3.21}],["Other Income",{"2008-03-31":1.4,"2016-03-31":18.64,"2014-03-31":29.57,"2011-03-31":11.32,"2015-03-31":9.44,"2013-03-31":25.4,"2006-03-31":0.36,"2012-03-31":15.55,"2017-03-31":18.16,"2010-03-31":18.54,"2009-03-31":17.56,"2007-03-31":13.06}],["Interest",{"2008-03-31":0.54,"2016-03-31":48.69,"2014-03-31":10.34,"2011-03-31":12.57,"2015-03-31":52.63,"2013-03-31":8.79,"2006-03-31":1.27,"2012-03-31":10.66,"2017-03-31":48.03,"2010-03-31":26.14,"2009-03-31":21.07,"2007-03-31":5.12}],["Depreciation",{"2008-03-31":8.48,"2016-03-31":46.57,"2014-03-31":16.07,"2011-03-31":10.08,"2015-03-31":50.49,"2013-03-31":11.95,"2006-03-31":1.49,"2012-03-31":11.21,"2017-03-31":40.53,"2010-03-31":11.23,"2009-03-31":9.52,"2007-03-31":5.21}],["Profit before tax",{"2008-03-31":60.14,"2016-03-31":-4.04,"2014-03-31":28.64,"2011-03-31":31.07,"2015-03-31":-55.51,"2013-03-31":42.2,"2006-03-31":1.59,"2012-03-31":30.36,"2017-03-31":-20.91,"2010-03-31":73.61,"2009-03-31":70.61,"2007-03-31":10.44}],["Tax",{"2008-03-31":23.21,"2016-03-31":0.49,"2014-03-31":7.32,"2011-03-31":10.31,"2015-03-31":-12.35,"2013-03-31":14.83,"2006-03-31":0.58,"2012-03-31":15.25,"2017-03-31":-4.85,"2010-03-31":26.78,"2009-03-31":25.91,"2007-03-31":4.62}],["Net Profit",{"2008-03-31":37.08,"2016-03-31":-8.47,"2014-03-31":18.93,"2011-03-31":16.37,"2015-03-31":-46.65,"2013-03-31":24.17,"2006-03-31":1.33,"2012-03-31":11.55,"2017-03-31":-19.7,"2010-03-31":45.68,"2009-03-31":44.63,"2007-03-31":7.47}],["EPS (unadj)",{"2008-03-31":1.48,"2016-03-31":0.0,"2014-03-31":0.76,"2011-03-31":0.68,"2015-03-31":0.0,"2013-03-31":0.98,"2006-03-31":1.0,"2012-03-31":0.48,"2017-03-31":0.0,"2010-03-31":1.9,"2009-03-31":1.79,"2007-03-31":0.31}],["Dividend Payout",{"2008-03-31":25.86,"2016-03-31":-83.37,"2014-03-31":0.0,"2011-03-31":0.0,"2015-03-31":-0.0,"2013-03-31":0.0,"2006-03-31":0.0,"2012-03-31":0.0,"2017-03-31":-0.0,"2010-03-31":0.0,"2009-03-31":21.49,"2007-03-31":0.0}]],"cashflow":[["Cash from Operating Activity",{"2008-03-31":-2.51,"2016-03-31":33.5,"2014-03-31":28.46,"2011-03-31":98.38,"2015-03-31":-17.93,"2013-03-31":79.54,"2006-03-31":23.9,"2012-03-31":-8.84,"2017-03-31":95.05,"2010-03-31":14.07,"2009-03-31":-75.53,"2007-03-31":-50.58}],["Cash from Investing Activity",{"2008-03-31":-9.19,"2016-03-31":-64.6,"2014-03-31":-53.57,"2011-03-31":107.81,"2015-03-31":18.54,"2013-03-31":-70.92,"2006-03-31":-168.78,"2012-03-31":-79.25,"2017-03-31":-95.43,"2010-03-31":-107.11,"2009-03-31":-40.55,"2007-03-31":107.61}],["Cash from Financing Activity",{"2008-03-31":11.53,"2016-03-31":100.19,"2014-03-31":35.56,"2011-03-31":-129.0,"2015-03-31":18.94,"2013-03-31":-21.3,"2006-03-31":145.95,"2012-03-31":15.54,"2017-03-31":-32.59,"2010-03-31":56.54,"2009-03-31":162.95,"2007-03-31":-54.09}],["Net Cash Flow",{"2008-03-31":-0.17,"2016-03-31":69.09,"2014-03-31":10.45,"2011-03-31":77.19,"2015-03-31":19.55,"2013-03-31":-12.68,"2006-03-31":1.07,"2012-03-31":-72.55,"2017-03-31":-32.96,"2010-03-31":-36.5,"2009-03-31":46.87,"2007-03-31":2.94}]],"quarters":[["Sales",{"2016-06-30":104.32,"2016-12-31":109.96,"2017-03-31":134.99,"2017-06-30":114.45,"2015-06-30":135.27,"2015-03-31":139.88,"2017-09-30":124.6,"2015-12-31":144.47,"2016-03-31":136.16,"2017-12-31":159.22,"2016-09-30":100.57,"2015-09-30":127.06}],["Expenses",{"2016-06-30":90.86,"2016-12-31":105.41,"2017-03-31":115.72,"2017-06-30":91.58,"2015-06-30":119.93,"2015-03-31":126.71,"2017-09-30":104.91,"2015-12-31":122.93,"2016-03-31":101.59,"2017-12-31":121.82,"2016-09-30":105.19,"2015-09-30":125.92}],["Operating Profit",{"2016-06-30":13.46,"2016-12-31":4.55,"2017-03-31":19.27,"2017-06-30":22.87,"2015-06-30":15.34,"2015-03-31":13.17,"2017-09-30":19.69,"2015-12-31":21.54,"2016-03-31":34.57,"2017-12-31":37.4,"2016-09-30":-4.62,"2015-09-30":1.14}],["OPM",{"2016-06-30":12.9,"2016-12-31":4.14,"2017-03-31":14.28,"2017-06-30":19.98,"2015-06-30":11.34,"2015-03-31":9.42,"2017-09-30":15.8,"2015-12-31":14.91,"2016-03-31":25.39,"2017-12-31":23.49,"2016-09-30":-4.59,"2015-09-30":0.9}],["Other Income",{"2016-06-30":2.92,"2016-12-31":2.88,"2017-03-31":7.9,"2017-06-30":3.19,"2015-06-30":1.72,"2015-03-31":6.82,"2017-09-30":2.23,"2015-12-31":2.44,"2016-03-31":11.78,"2017-12-31":1.18,"2016-09-30":2.93,"2015-09-30":2.69}],["Depreciation",{"2016-06-30":6.75,"2016-12-31":7.09,"2017-03-31":7.02,"2017-06-30":8.38,"2015-06-30":12.52,"2015-03-31":13.01,"2017-09-30":9.04,"2015-12-31":11.42,"2016-03-31":9.61,"2017-12-31":11.58,"2016-09-30":6.63,"2015-09-30":13.02}],["Interest",{"2016-06-30":3.25,"2016-12-31":3.87,"2017-03-31":4.05,"2017-06-30":5.12,"2015-06-30":12.82,"2015-03-31":14.04,"2017-09-30":3.58,"2015-12-31":10.37,"2016-03-31":11.77,"2017-12-31":3.68,"2016-09-30":3.82,"2015-09-30":13.73}],["Profit before tax",{"2016-06-30":6.38,"2016-12-31":-3.52,"2017-03-31":16.1,"2017-06-30":12.57,"2015-06-30":-8.28,"2015-03-31":-7.06,"2017-09-30":9.29,"2015-12-31":2.2,"2016-03-31":24.97,"2017-12-31":23.31,"2016-09-30":-12.15,"2015-09-30":-22.92}],["Tax",{"2016-06-30":5.11,"2016-12-31":2.22,"2017-03-31":10.74,"2017-06-30":5.19,"2015-06-30":-2.81,"2015-03-31":-0.75,"2017-09-30":5.51,"2015-12-31":1.33,"2016-03-31":6.35,"2017-12-31":11.12,"2016-09-30":4.8,"2015-09-30":-4.37}],["Net Profit",{"2016-06-30":0.1,"2016-12-31":-5.74,"2017-03-31":4.47,"2017-06-30":7.38,"2015-06-30":-6.4,"2015-03-31":-7.18,"2017-09-30":3.79,"2015-12-31":-0.77,"2016-03-31":18.57,"2017-12-31":12.19,"2016-09-30":-16.94,"2015-09-30":-19.86}]]},"bse_code":"532794","short_name":"Zee Media","nse_code":"ZEEMEDIA","companyrating_set":[{"rating__rating":"[ICRA]A (stable)","instrument":"Bank Loan Rating-Long Term","rating__source":"icra","link":"http://icra.in/search.aspx?word\u003dZee Media Corporation Ltd"},{"rating__rating":"[ICRA]A (stable)","instrument":"Corporate Debt Rating-Long Term","rating__source":"icra","link":"http://icra.in/search.aspx?word\u003dZee Media Corporation Ltd"}],"annualreport_set":[{"source":"bse","report_date":2017,"link":"http://www.bseindia.com/bseplus/AnnualReport/532794/5327940317.pdf"},{"source":"bse","report_date":2016,"link":"http://www.bseindia.com/bseplus/AnnualReport/532794/5327940316.pdf"},{"source":"bse","report_date":2015,"link":"http://www.bseindia.com/bseplus/AnnualReport/532794/5327940315.pdf"},{"source":"bse","report_date":2014,"link":"http://www.bseindia.com/bseplus/AnnualReport/532794/5327940314.pdf"},{"source":"bse","report_date":2013,"link":"http://www.bseindia.com/bseplus/annualreport/532794/5327940313.pdf"},{"source":"nse","report_date":2013,"link":"http://nseindia.com/annual_reports/AR_256_ZEENEWS_2012_2013_03072013120207.zip"},{"source":"nse","report_date":2012,"link":"http://nseindia.com/annual_reports/AR_ZEENEWS_2011_2012_26062012123456.zip"},{"source":"bse","report_date":2011,"link":"http://www.bseindia.com/bseplus/annualreport/532794/5327940311.pdf"},{"source":"nse","report_date":2011,"link":"http://nseindia.com/annual_reports/AR_ZEENEWS_2010_2011_27062011130505.zip"},{"source":"bse","report_date":2010,"link":"http://www.bseindia.com/bseplus/annualreport/532794/5327940310.pdf"}],"announcement_set":[{"ann_date":"25 Apr 2018","announcement":"Board to consider Dividend","link":"https://www.bseindia.com/corporates/anndet_new.aspx?newsid\u003d48a84250-4208-4a35-95b9-5f4b250f7f32"},{"ann_date":"25 Apr 2018","announcement":"Board Meeting - Board Meeting On May 16, 2018","link":"https://www.bseindia.com/corporates/anndet_new.aspx?newsid\u003da330ce0d-3358-4017-87f2-3f15c43f1f37"},{"ann_date":"13 Apr 2018","announcement":"Announcement under Regulation 30 (LODR)-Resignation of Director","link":"https://www.bseindia.com/corporates/anndet_new.aspx?newsid\u003d1c6bee13-1ad3-400a-9109-7d849be3c9e7"},{"ann_date":"12 Apr 2018","announcement":"Shareholding for the Period Ended March 31, 2018","link":"https://www.bseindia.com/corporates/anndet_new.aspx?newsid\u003d943d5ca5-6e54-452a-a503-5f48cddd4047"},{"ann_date":"11 Apr 2018","announcement":"Compliances - Compliance Certificate For The Half Year Ended March 31, 2018","link":"https://www.bseindia.com/corporates/anndet_new.aspx?newsid\u003df0a9d7c2-ae09-4f7c-a43d-556d41e9d2fc"}],"warehouse_set":{"high_price":49.9,"low_price":32.8,"sales_growth":18.24,"current_price":37.0,"dividend_yield":0.0,"face_value":1.0,"id":6599838,"sales_growth_3years":17.97,"average_return_on_equity_3years":-6.97,"book_value":11.54,"status":"Active","pair_url":"/company/ZEEMEDIA/","sales_growth_10years":4.59,"average_return_on_equity_10years":3.81,"profit_growth":794.01,"market_capitalization":1727.8,"price_to_earning":62.09,"industry":"Broadcasting \u0026 Cable TV","analysis":{"remarks":[],"bad":["Stock is trading at 3.21 times its book value","Company has a low return on equity of -6.97% for last 3 years.","Promoters have pledged 44.88% of their holding"],"good":[]},"result_type":"con","sales_growth_5years":12.36,"return_on_equity":-4.08,"average_return_on_equity_5years":-2.91},"id":3790,"name":"Zee Media Corporation Ltd","screenerStockPrice":{"prices":[7.89,7.63,10.06,8.25,8.82,9.26,10.43,10.27,10.56,10.34,14.62,12.65,14.32,13.98,13.89,13.82,15.67,16.34,17.0,14.98,12.95,10.16,11.26,14.17,13.69,11.72,10.53,10.12,9.8,9.62,10.37,8.05,8.35,6.56,7.57,8.27,7.09,7.09,6.62,7.28,8.75,7.71,10.91,9.3,8.83,9.36,9.29,10.47,10.44,12.19,13.36,13.49,13.6,14.92,13.5,12.9,13.85,17.4,15.29,12.99,12.34,14.08,13.68,14.48,13.87,15.06,16.17,15.97,14.41,13.83,13.26,12.39,11.83,10.97,10.6,12.2,11.1,10.56,11.06,11.27,12.62,12.03,12.9,12.67,11.69,11.95,10.11,9.9,9.55,10.79,10.92,10.97,10.24,10.64,9.97,9.41,9.33,10.01,11.58,11.59,11.51,11.71,14.75,13.94,17.25,16.91,17.1,18.03,16.22,14.04,12.97,14.17,15.39,14.7,12.33,12.09,11.56,11.84,10.54,10.88,11.42,14.2,13.45,13.22,13.77,12.5,13.24,13.31,13.8,13.52,13.27,17.64,19.4,18.03,18.08,16.46,18.28,16.42,18.13,22.3,20.19,18.38,18.52,15.97,17.25,16.17,20.68,19.11,17.64,15.68,18.18,19.99,19.11,18.03,17.1,18.91,22.15,24.45,23.23,22.74,20.34,18.18,18.08,17.93,18.72,18.33,21.12,26.61,25.48,24.26,23.57,24.84,26.26,33.71,35.62,33.76,36.75,38.07,36.85,36.31,35.08,38.61,36.6,37.0,36.11,37.19,37.04,37.09,34.25,34.25,39.0,42.8,41.8,41.85,46.0,44.75,40.3,42.5,40.0,38.3],"dates":["10 Jan 2007","01 Feb 2007","22 Feb 2007","14 Mar 2007","04 Apr 2007","25 Apr 2007","17 May 2007","06 Jun 2007","26 Jun 2007","16 Jul 2007","03 Aug 2007","24 Aug 2007","13 Sep 2007","04 Oct 2007","24 Oct 2007","13 Nov 2007","03 Dec 2007","24 Dec 2007","14 Jan 2008","01 Feb 2008","21 Feb 2008","13 Mar 2008","04 Apr 2008","28 Apr 2008","20 May 2008","09 Jun 2008","27 Jun 2008","17 Jul 2008","06 Aug 2008","27 Aug 2008","17 Sep 2008","08 Oct 2008","29 Oct 2008","20 Nov 2008","12 Dec 2008","02 Jan 2009","23 Jan 2009","13 Feb 2009","06 Mar 2009","30 Mar 2009","23 Apr 2009","15 May 2009","04 Jun 2009","24 Jun 2009","14 Jul 2009","03 Aug 2009","21 Aug 2009","10 Sep 2009","05 Oct 2009","26 Oct 2009","16 Nov 2009","04 Dec 2009","24 Dec 2009","18 Jan 2010","06 Feb 2010","26 Feb 2010","19 Mar 2010","12 Apr 2010","03 May 2010","21 May 2010","10 Jun 2010","30 Jun 2010","20 Jul 2010","09 Aug 2010","27 Aug 2010","17 Sep 2010","07 Oct 2010","27 Oct 2010","16 Nov 2010","07 Dec 2010","28 Dec 2010","17 Jan 2011","07 Feb 2011","25 Feb 2011","18 Mar 2011","07 Apr 2011","02 May 2011","20 May 2011","09 Jun 2011","29 Jun 2011","19 Jul 2011","08 Aug 2011","29 Aug 2011","20 Sep 2011","11 Oct 2011","01 Nov 2011","23 Nov 2011","14 Dec 2011","03 Jan 2012","20 Jan 2012","10 Feb 2012","02 Mar 2012","22 Mar 2012","13 Apr 2012","03 May 2012","23 May 2012","12 Jun 2012","02 Jul 2012","20 Jul 2012","09 Aug 2012","31 Aug 2012","20 Sep 2012","11 Oct 2012","01 Nov 2012","22 Nov 2012","13 Dec 2012","03 Jan 2013","23 Jan 2013","12 Feb 2013","04 Mar 2013","22 Mar 2013","15 Apr 2013","08 May 2013","27 May 2013","14 Jun 2013","04 Jul 2013","24 Jul 2013","14 Aug 2013","04 Sep 2013","25 Sep 2013","17 Oct 2013","06 Nov 2013","27 Nov 2013","17 Dec 2013","07 Jan 2014","27 Jan 2014","14 Feb 2014","07 Mar 2014","27 Mar 2014","21 Apr 2014","13 May 2014","02 Jun 2014","20 Jun 2014","10 Jul 2014","31 Jul 2014","21 Aug 2014","11 Sep 2014","01 Oct 2014","28 Oct 2014","19 Nov 2014","09 Dec 2014","30 Dec 2014","19 Jan 2015","09 Feb 2015","28 Feb 2015","20 Mar 2015","13 Apr 2015","05 May 2015","25 May 2015","12 Jun 2015","02 Jul 2015","22 Jul 2015","11 Aug 2015","31 Aug 2015","21 Sep 2015","13 Oct 2015","03 Nov 2015","24 Nov 2015","15 Dec 2015","05 Jan 2016","25 Jan 2016","15 Feb 2016","04 Mar 2016","29 Mar 2016","21 Apr 2016","11 May 2016","31 May 2016","20 Jun 2016","11 Jul 2016","29 Jul 2016","19 Aug 2016","09 Sep 2016","30 Sep 2016","24 Oct 2016","11 Nov 2016","02 Dec 2016","22 Dec 2016","11 Jan 2017","01 Feb 2017","21 Feb 2017","15 Mar 2017","05 Apr 2017","26 Apr 2017","17 May 2017","06 Jun 2017","27 Jun 2017","17 Jul 2017","04 Aug 2017","28 Aug 2017","15 Sep 2017","06 Oct 2017","27 Oct 2017","16 Nov 2017","06 Dec 2017","27 Dec 2017","16 Jan 2018","06 Feb 2018","27 Feb 2018","20 Mar 2018","11 Apr 2018"],"id":"3790"},"stockPricesEventDays":{"exRightsStocks":{"20150310":17.65,"20150211":15.45,"20150311":17.2,"20150212":15.6,"20150312":17.3,"20150213":16.0,"20150313":17.35,"20150130":18.3,"20150330":17.4,"20150210":15.8,"20150331":17.7,"20150219":15.9,"20150318":17.15,"20150319":16.95,"20150216":16.1,"20150316":17.05,"20150218":15.95,"20150317":17.3,"20150223":16.05,"20150224":16.6,"20150202":18.35,"20150323":17.4,"20150302":17.2,"20150225":16.65,"20150203":18.05,"20150324":16.9,"20150401":18.3,"20150220":16.3,"20150320":16.5,"20150209":16.3,"20150309":17.2,"20150303":17.25,"20150226":16.8,"20150204":18.05,"20150127":18.05,"20150325":17.15,"20150304":17.3,"20150227":16.55,"20150205":17.65,"20150128":18.25,"20150326":17.05,"20150305":17.35,"20150228":17.6,"20150206":17.05,"20150129":18.3,"20150327":16.9},"anncStocks":{"20140908":18.5,"20140909":18.25,"20140929":17.2,"20141021":17.05,"20141020":17.7,"20141017":16.75,"20141016":16.6,"20141014":17.35,"20141013":17.35,"20140926":17.0,"20140904":17.75,"20140905":18.0,"20140924":17.65,"20140902":18.65,"20140925":16.55,"20140903":18.45,"20140922":18.55,"20140923":17.75,"20140901":18.95,"20140919":18.55,"20140917":18.25,"20140918":19.15,"20141010":17.1,"20141031":20.05,"20141030":19.85,"20141007":16.9,"20141029":18.45,"20140930":16.85,"20141028":18.5,"20141105":21.85,"20141027":17.95,"20141103":21.9,"20141001":16.75,"20141023":17.55,"20141022":17.05,"20140915":20.25,"20140916":18.05,"20140911":18.65,"20140912":20.15,"20141009":17.45,"20141008":17.0,"20140910":18.7,"20141107":21.5},"recordStocks":{"20150310":17.65,"20150211":15.45,"20150311":17.2,"20150212":15.6,"20150312":17.3,"20150213":16.0,"20150313":17.35,"20150130":18.3,"20150330":17.4,"20150210":15.8,"20150331":17.7,"20150219":15.9,"20150318":17.15,"20150319":16.95,"20150216":16.1,"20150316":17.05,"20150218":15.95,"20150317":17.3,"20150223":16.05,"20150224":16.6,"20150202":18.35,"20150323":17.4,"20150302":17.2,"20150225":16.65,"20150203":18.05,"20150324":16.9,"20150401":18.3,"20150220":16.3,"20150320":16.5,"20150209":16.3,"20150309":17.2,"20150303":17.25,"20150226":16.8,"20150204":18.05,"20150127":18.05,"20150325":17.15,"20150304":17.3,"20150227":16.55,"20150205":17.65,"20150128":18.25,"20150326":17.05,"20150305":17.35,"20150228":17.6,"20150206":17.05,"20150129":18.3,"20150327":16.9}}}