{"prime":"sa","number_set":{"balancesheet":[["Share Capital",{"2008-03-31":5.85,"2016-03-31":8.92,"2014-03-31":5.89,"2011-03-31":5.85,"2015-03-31":5.92,"2013-03-31":5.88,"2006-03-31":5.15,"2012-03-31":5.85,"2017-03-31":9.07,"2010-03-31":5.85,"2009-03-31":5.85,"2007-03-31":5.85}],["Reserves",{"2008-03-31":9.1,"2016-03-31":32.14,"2014-03-31":-7.13,"2011-03-31":-0.54,"2015-03-31":-9.3,"2013-03-31":-4.95,"2006-03-31":-1.47,"2012-03-31":-2.64,"2017-03-31":27.43,"2010-03-31":8.21,"2009-03-31":8.84,"2007-03-31":7.79}],["Borrowings",{"2008-03-31":0.0,"2016-03-31":0.0,"2014-03-31":0.0,"2011-03-31":0.0,"2015-03-31":0.0,"2013-03-31":0.0,"2006-03-31":0.0,"2012-03-31":0.0,"2017-03-31":0.0,"2010-03-31":0.0,"2009-03-31":0.0,"2007-03-31":0.0}],["Other Liabilities",{"2008-03-31":0.17,"2016-03-31":5.26,"2014-03-31":2.94,"2011-03-31":0.83,"2015-03-31":5.14,"2013-03-31":1.71,"2006-03-31":0.43,"2012-03-31":0.43,"2017-03-31":8.49,"2010-03-31":0.08,"2009-03-31":0.35,"2007-03-31":1.9}],["Total Liabilities",{"2008-03-31":15.12,"2016-03-31":46.32,"2014-03-31":1.7,"2011-03-31":6.14,"2015-03-31":1.76,"2013-03-31":2.64,"2006-03-31":4.11,"2012-03-31":3.64,"2017-03-31":44.99,"2010-03-31":14.14,"2009-03-31":15.04,"2007-03-31":15.54}],["Fixed Assets",{"2008-03-31":0.56,"2016-03-31":0.04,"2014-03-31":0.06,"2011-03-31":0.2,"2015-03-31":0.06,"2013-03-31":0.08,"2006-03-31":0.48,"2012-03-31":0.11,"2017-03-31":0.02,"2010-03-31":0.3,"2009-03-31":0.29,"2007-03-31":0.33}],["CWIP",{"2008-03-31":0.0,"2016-03-31":0.0,"2014-03-31":0.0,"2011-03-31":0.0,"2015-03-31":0.0,"2013-03-31":0.0,"2006-03-31":0.0,"2012-03-31":0.0,"2017-03-31":0.0,"2010-03-31":0.0,"2009-03-31":0.0,"2007-03-31":0.0}],["Investments",{"2008-03-31":9.07,"2016-03-31":35.42,"2014-03-31":0.01,"2011-03-31":5.14,"2015-03-31":0.01,"2013-03-31":1.67,"2006-03-31":0.01,"2012-03-31":2.54,"2017-03-31":35.42,"2010-03-31":5.64,"2009-03-31":9.5,"2007-03-31":8.64}],["Other Assets",{"2008-03-31":5.49,"2016-03-31":10.86,"2014-03-31":1.63,"2011-03-31":0.8,"2015-03-31":1.69,"2013-03-31":0.89,"2006-03-31":3.62,"2012-03-31":0.99,"2017-03-31":9.55,"2010-03-31":8.2,"2009-03-31":5.25,"2007-03-31":6.57}],["Total Assets",{"2008-03-31":15.12,"2016-03-31":46.32,"2014-03-31":1.7,"2011-03-31":6.14,"2015-03-31":1.76,"2013-03-31":2.64,"2006-03-31":4.11,"2012-03-31":3.64,"2017-03-31":44.99,"2010-03-31":14.14,"2009-03-31":15.04,"2007-03-31":15.54}]],"annual":[["Sales",{"2008-03-31":0.0,"2016-03-31":0.0,"2014-03-31":0.0,"2011-03-31":0.0,"2015-03-31":0.0,"2013-03-31":0.0,"2006-03-31":0.4,"2012-03-31":0.0,"2017-03-31":0.0,"2010-03-31":0.06,"2009-03-31":0.47,"2007-03-31":0.0}],["Expenses",{"2016-03-31":7.19,"2014-03-31":0.91,"2011-03-31":1.38,"2015-03-31":1.95,"2013-03-31":1.14,"2012-03-31":1.28,"2017-03-31":10.09,"2010-03-31":0.96,"2009-03-31":1.5}],["Operating Profit",{"2016-03-31":-7.19,"2014-03-31":-0.91,"2011-03-31":-1.38,"2015-03-31":-1.95,"2013-03-31":-1.14,"2012-03-31":-1.28,"2017-03-31":-10.09,"2010-03-31":-0.9,"2009-03-31":-1.03}],["OPM",{"2008-03-31":"--","2016-03-31":"--","2014-03-31":"--","2011-03-31":"--","2015-03-31":"--","2013-03-31":"--","2012-03-31":"--","2017-03-31":"--","2010-03-31":-1500.0,"2009-03-31":-219.15,"2007-03-31":"--"}],["Other Income",{"2008-03-31":0.51,"2016-03-31":0.35,"2014-03-31":0.59,"2011-03-31":0.33,"2015-03-31":0.38,"2013-03-31":0.16,"2006-03-31":0.02,"2012-03-31":0.3,"2017-03-31":0.49,"2010-03-31":0.36,"2009-03-31":0.86,"2007-03-31":0.45}],["Interest",{"2008-03-31":0.0,"2016-03-31":0.01,"2014-03-31":0.0,"2011-03-31":0.0,"2015-03-31":0.0,"2013-03-31":0.0,"2006-03-31":0.0,"2012-03-31":0.0,"2017-03-31":0.0,"2010-03-31":0.0,"2009-03-31":0.0,"2007-03-31":0.0}],["Depreciation",{"2008-03-31":0.18,"2016-03-31":0.03,"2014-03-31":0.02,"2011-03-31":0.1,"2015-03-31":0.03,"2013-03-31":0.03,"2006-03-31":0.2,"2012-03-31":0.09,"2017-03-31":0.02,"2010-03-31":0.09,"2009-03-31":0.08,"2007-03-31":0.14}],["Profit before tax",{"2008-03-31":-0.35,"2016-03-31":-6.89,"2014-03-31":-0.34,"2011-03-31":-1.15,"2015-03-31":-1.61,"2013-03-31":-1.02,"2006-03-31":-0.5,"2012-03-31":-1.06,"2017-03-31":-9.63,"2010-03-31":-0.63,"2009-03-31":-0.25,"2007-03-31":-0.38}],["Tax",{"2008-03-31":0.01,"2016-03-31":0.0,"2014-03-31":0.0,"2011-03-31":0.0,"2015-03-31":0.0,"2013-03-31":0.0,"2006-03-31":0.0,"2012-03-31":0.0,"2017-03-31":0.0,"2010-03-31":0.0,"2009-03-31":0.01,"2007-03-31":0.01}],["Net Profit",{"2008-03-31":-0.36,"2016-03-31":-6.9,"2014-03-31":-0.34,"2011-03-31":-1.15,"2015-03-31":-1.6,"2013-03-31":-1.02,"2006-03-31":-0.5,"2012-03-31":-1.06,"2017-03-31":-9.63,"2010-03-31":-0.63,"2009-03-31":-0.26,"2007-03-31":-0.39}],["EPS (unadj)",{"2008-03-31":0.0,"2016-03-31":0.0,"2014-03-31":0.0,"2011-03-31":0.0,"2015-03-31":0.0,"2013-03-31":0.0,"2006-03-31":0.0,"2012-03-31":0.0,"2017-03-31":0.0,"2010-03-31":0.0,"2009-03-31":0.0,"2007-03-31":0.0}],["Dividend Payout",{"2008-03-31":-0.0,"2016-03-31":-0.0,"2014-03-31":-0.0,"2011-03-31":-0.0,"2015-03-31":-0.0,"2013-03-31":-0.0,"2006-03-31":-0.0,"2012-03-31":-0.0,"2017-03-31":-0.0,"2010-03-31":-0.0,"2009-03-31":-0.0,"2007-03-31":-0.0}]],"cashflow":[["Cash from Operating Activity",{"2008-03-31":-0.01,"2016-03-31":-7.44,"2014-03-31":0.15,"2011-03-31":-0.65,"2015-03-31":0.95,"2013-03-31":-0.61,"2006-03-31":0.95,"2012-03-31":-0.8,"2017-03-31":-1.4,"2010-03-31":-0.71,"2009-03-31":-0.25,"2007-03-31":-1.01}],["Cash from Investing Activity",{"2008-03-31":-1.13,"2016-03-31":-35.34,"2014-03-31":-0.31,"2011-03-31":-1.01,"2015-03-31":-1.03,"2013-03-31":0.07,"2006-03-31":-1.0,"2012-03-31":0.82,"2017-03-31":0.14,"2010-03-31":2.33,"2009-03-31":-0.51,"2007-03-31":-9.14}],["Cash from Financing Activity",{"2008-03-31":0.0,"2016-03-31":50.57,"2014-03-31":0.6,"2011-03-31":0.0,"2015-03-31":-0.17,"2013-03-31":0.41,"2006-03-31":0.0,"2012-03-31":0.13,"2017-03-31":0.88,"2010-03-31":0.0,"2009-03-31":0.0,"2007-03-31":12.15}],["Net Cash Flow",{"2008-03-31":-1.14,"2016-03-31":7.79,"2014-03-31":0.44,"2011-03-31":-1.66,"2015-03-31":-0.25,"2013-03-31":-0.13,"2006-03-31":-0.05,"2012-03-31":0.15,"2017-03-31":-0.38,"2010-03-31":1.62,"2009-03-31":-0.76,"2007-03-31":2.0}]],"quarters":[["Sales",{"2016-06-30":0.0,"2016-12-31":0.0,"2017-03-31":0.0,"2017-06-30":0.0,"2015-06-30":0.0,"2015-03-31":0.0,"2017-09-30":0.0,"2015-12-31":0.0,"2016-03-31":0.0,"2017-12-31":0.0,"2016-09-30":0.0,"2015-09-30":0.0}],["Expenses",{"2016-06-30":2.74,"2016-12-31":2.82,"2017-03-31":1.68,"2017-06-30":0.62,"2015-06-30":1.64,"2015-03-31":1.25,"2017-09-30":0.58,"2015-12-31":1.81,"2016-03-31":2.11,"2017-12-31":0.8,"2016-09-30":2.84,"2015-09-30":1.64}],["Operating Profit",{"2016-06-30":-2.74,"2016-12-31":-2.82,"2017-03-31":-1.68,"2017-06-30":-0.62,"2015-06-30":-1.64,"2015-03-31":-1.25,"2017-09-30":-0.58,"2015-12-31":-1.81,"2016-03-31":-2.11,"2017-12-31":-0.8,"2016-09-30":-2.84,"2015-09-30":-1.64}],["OPM",{"2016-06-30":"--","2016-12-31":"--","2017-03-31":"--","2017-06-30":"--","2015-06-30":"--","2015-03-31":"--","2017-09-30":"--","2015-12-31":"--","2016-03-31":"--","2017-12-31":"--","2016-09-30":"--","2015-09-30":"--"}],["Other Income",{"2016-06-30":0.09,"2016-12-31":0.11,"2017-03-31":0.16,"2017-06-30":0.07,"2015-06-30":0.0,"2015-03-31":0.1,"2017-09-30":0.11,"2015-12-31":0.22,"2016-03-31":0.13,"2017-12-31":0.08,"2016-09-30":0.13,"2015-09-30":0.0}],["Depreciation",{"2016-06-30":0.01,"2016-12-31":0.01,"2017-03-31":0.0,"2017-06-30":0.01,"2015-06-30":0.01,"2015-03-31":0.01,"2017-09-30":0.0,"2015-12-31":0.01,"2016-03-31":0.01,"2017-12-31":0.0,"2016-09-30":0.01,"2015-09-30":0.01}],["Interest",{"2016-06-30":0.0,"2016-12-31":0.0,"2017-03-31":0.0,"2017-06-30":0.0,"2015-06-30":0.0,"2015-03-31":0.0,"2017-09-30":0.0,"2015-12-31":0.01,"2016-03-31":0.0,"2017-12-31":0.0,"2016-09-30":0.0,"2015-09-30":0.0}],["Profit before tax",{"2016-06-30":-2.66,"2016-12-31":-2.73,"2017-03-31":-1.53,"2017-06-30":-0.56,"2015-06-30":-1.65,"2015-03-31":-1.16,"2017-09-30":-0.48,"2015-12-31":-1.61,"2016-03-31":-2.0,"2017-12-31":-0.72,"2016-09-30":-2.73,"2015-09-30":-1.65}],["Tax",{"2016-06-30":0.0,"2016-12-31":0.0,"2017-03-31":0.0,"2017-06-30":0.0,"2015-06-30":0.0,"2015-03-31":0.0,"2017-09-30":0.0,"2015-12-31":0.0,"2016-03-31":0.0,"2017-12-31":0.0,"2016-09-30":0.0,"2015-09-30":0.0}],["Net Profit",{"2016-06-30":-2.65,"2016-12-31":-2.72,"2017-03-31":-1.53,"2017-06-30":-0.55,"2015-06-30":-1.65,"2015-03-31":-1.15,"2017-09-30":-0.48,"2015-12-31":-1.6,"2016-03-31":-2.0,"2017-12-31":-0.72,"2016-09-30":-2.72,"2015-09-30":-1.65}]]},"bse_code":"512068","short_name":"Dec.Gold Mines","nse_code":"","companyrating_set":[],"annualreport_set":[{"source":"bse","report_date":2017,"link":"http://www.bseindia.com/bseplus/AnnualReport/512068/5120680317.pdf"},{"source":"bse","report_date":2016,"link":"http://www.bseindia.com/bseplus/AnnualReport/512068/5120680316.pdf"},{"source":"bse","report_date":2015,"link":"http://www.bseindia.com/bseplus/AnnualReport/512068/5120680315.pdf"},{"source":"bse","report_date":2014,"link":"http://www.bseindia.com/bseplus/AnnualReport/512068/5120680314.pdf"},{"source":"bse","report_date":2013,"link":"http://www.bseindia.com/bseplus/annualreport/512068/5120680313.pdf"},{"source":"bse","report_date":2012,"link":"http://www.bseindia.com/bseplus/annualreport/512068/5120680312.pdf"}],"announcement_set":[{"ann_date":"30 Apr 2018","announcement":"Update On Company\u0027\u0027s Operations","link":"https://www.bseindia.com/corporates/anndet_new.aspx?newsid\u003da77bf247-cbb6-4a5e-8733-8b4a187df6b7"},{"ann_date":"23 Apr 2018","announcement":"Compliances- Certificate Regulation 40(9) Of SEBI (Listing Obligations And Disclosure Requirements)Regulations, 2015 For The Half Year Ended On March 31, 2018.","link":"https://www.bseindia.com/corporates/anndet_new.aspx?newsid\u003dc3dcebcb-8936-4ee3-9fae-188fe70a64be"},{"ann_date":"11 Apr 2018","announcement":"Shareholding for the Period Ended March 31, 2018","link":"https://www.bseindia.com/corporates/anndet_new.aspx?newsid\u003d7ec250e1-8993-4c06-9574-8dd7d12bb18a"},{"ann_date":"10 Apr 2018","announcement":"Compliance Certificate For The Half-Year Ended March 31, 2018","link":"https://www.bseindia.com/corporates/anndet_new.aspx?newsid\u003d959ed155-f56d-4299-a3bf-49c3f689e651"},{"ann_date":"04 Apr 2018","announcement":"Ganajur Gold Project - Update - Agreement With Farmers At Ganajur","link":"https://www.bseindia.com/corporates/anndet_new.aspx?newsid\u003d6787ce35-bea9-4ca2-a3fd-b458d6b63bff"}],"warehouse_set":{"high_price":55.0,"low_price":28.35,"current_price":45.3,"dividend_yield":0.0,"face_value":1.0,"id":3412,"book_value":3.99,"status":"Active","pair_url":"/company/512068/consolidated","profit_growth":67.49,"market_capitalization":394.65,"industry":"Other Non-Ferrous Metals","analysis":{"remarks":[],"bad":["Stock is trading at 11.36 times its book value","Company has low interest coverage ratio.","Promoter\u0027s stake has decreased","Promoter holding is low: 27.23%"],"good":["Company is virtually debt free."]},"result_type":"sa","return_on_equity":-24.83},"id":780,"name":"Deccan Gold Mines Ltd","screenerStockPrice":{"prices":[1.25,11.9,14.44,6.94,8.56,6.93,5.48,5.92,6.7,6.41,5.76,10.85,11.02,11.86,10.92,9.06,11.76,10.84,10.3,10.16,12.01,11.22,11.13,11.1,13.88,13.57,10.06,11.38,10.88,11.15,12.07,9.91,10.04,13.08,16.03,13.73,11.35,10.14,11.03,12.32,11.19,11.02,10.32,11.55,12.14,12.05,10.76,9.57,10.22,11.96,11.12,10.97,11.13,11.43,14.45,13.81,20.05,39.47,62.28,78.16,49.57,34.4,33.19,41.3,36.0,27.92,21.96,23.75,24.18,20.79,12.29,14.91,12.44,17.63,13.57,13.85,12.29,13.54,15.72,20.63,16.3,16.73,18.17,21.92,28.35,31.86,27.85,25.97,25.43,21.45,20.36,21.57,20.63,17.63,20.12,18.64,17.75,17.94,19.31,18.17,21.26,16.81,18.29,14.9,15.13,14.39,14.86,16.26,15.41,13.73,19.19,18.06,18.84,15.44,18.1,14.55,16.07,16.81,17.28,17.08,14.9,15.29,14.0,14.47,14.31,13.53,12.95,13.26,16.15,18.95,17.9,15.41,15.68,15.05,13.65,14.12,14.08,12.68,13.96,12.87,11.54,14.86,17.12,17.98,18.84,18.33,17.08,16.26,15.09,13.96,14.74,14.04,18.53,18.33,19.73,16.03,21.49,18.1,23.05,25.78,33.66,33.03,26.79,23.21,25.97,29.33,28.47,29.33,38.06,61.85,45.4,35.6,25.0,26.65,27.95,39.9,37.85,32.45,31.65,36.95,38.05,38.2,48.75,63.55,59.6,52.8,53.2,55.35,43.45,44.9,43.85,43.9,42.15,38.45,39.25,36.0,37.05,35.9,50.05,45.55,37.6,37.15,39.65,37.1,37.15,36.15,35.5,33.85,39.75],"dates":["19 Dec 2003","13 Feb 2004","10 Mar 2004","02 Apr 2004","29 Apr 2004","24 May 2004","16 Jun 2004","09 Jul 2004","03 Aug 2004","26 Aug 2004","20 Sep 2004","12 Oct 2004","08 Nov 2004","03 Dec 2004","28 Dec 2004","20 Jan 2005","16 Feb 2005","11 Mar 2005","06 Apr 2005","02 May 2005","25 May 2005","16 Jun 2005","11 Jul 2005","04 Aug 2005","30 Aug 2005","23 Sep 2005","19 Oct 2005","16 Nov 2005","08 Dec 2005","02 Jan 2006","27 Jan 2006","22 Feb 2006","20 Mar 2006","17 Apr 2006","10 May 2006","02 Jun 2006","26 Jun 2006","19 Jul 2006","11 Aug 2006","06 Sep 2006","29 Sep 2006","26 Oct 2006","20 Nov 2006","13 Dec 2006","09 Jan 2007","05 Feb 2007","01 Mar 2007","26 Mar 2007","20 Apr 2007","17 May 2007","11 Jun 2007","04 Jul 2007","27 Jul 2007","22 Aug 2007","14 Sep 2007","10 Oct 2007","02 Nov 2007","27 Nov 2007","20 Dec 2007","16 Jan 2008","08 Feb 2008","04 Mar 2008","01 Apr 2008","28 Apr 2008","23 May 2008","17 Jun 2008","10 Jul 2008","04 Aug 2008","28 Aug 2008","23 Sep 2008","20 Oct 2008","14 Nov 2008","11 Dec 2008","06 Jan 2009","02 Feb 2009","26 Feb 2009","25 Mar 2009","23 Apr 2009","20 May 2009","12 Jun 2009","07 Jul 2009","30 Jul 2009","24 Aug 2009","16 Sep 2009","15 Oct 2009","10 Nov 2009","03 Dec 2009","30 Dec 2009","25 Jan 2010","18 Feb 2010","16 Mar 2010","12 Apr 2010","06 May 2010","31 May 2010","23 Jun 2010","16 Jul 2010","10 Aug 2010","02 Sep 2010","28 Sep 2010","21 Oct 2010","15 Nov 2010","09 Dec 2010","04 Jan 2011","28 Jan 2011","22 Feb 2011","18 Mar 2011","13 Apr 2011","10 May 2011","02 Jun 2011","27 Jun 2011","20 Jul 2011","12 Aug 2011","09 Sep 2011","04 Oct 2011","31 Oct 2011","25 Nov 2011","21 Dec 2011","12 Jan 2012","07 Feb 2012","02 Mar 2012","27 Mar 2012","23 Apr 2012","16 May 2012","08 Jun 2012","03 Jul 2012","26 Jul 2012","22 Aug 2012","13 Sep 2012","10 Oct 2012","05 Nov 2012","30 Nov 2012","26 Dec 2012","18 Jan 2013","12 Feb 2013","07 Mar 2013","03 Apr 2013","30 Apr 2013","23 May 2013","17 Jun 2013","10 Jul 2013","02 Aug 2013","29 Aug 2013","24 Sep 2013","21 Oct 2013","13 Nov 2013","09 Dec 2013","02 Jan 2014","27 Jan 2014","19 Feb 2014","18 Mar 2014","10 Apr 2014","09 May 2014","03 Jun 2014","26 Jun 2014","21 Jul 2014","14 Aug 2014","10 Sep 2014","08 Oct 2014","05 Nov 2014","01 Dec 2014","24 Dec 2014","19 Jan 2015","12 Feb 2015","10 Mar 2015","06 Apr 2015","30 Apr 2015","26 May 2015","18 Jun 2015","13 Jul 2015","05 Aug 2015","28 Aug 2015","23 Sep 2015","20 Oct 2015","16 Nov 2015","10 Dec 2015","05 Jan 2016","29 Jan 2016","23 Feb 2016","18 Mar 2016","18 Apr 2016","12 May 2016","06 Jun 2016","29 Jun 2016","25 Jul 2016","18 Aug 2016","14 Sep 2016","07 Oct 2016","03 Nov 2016","29 Nov 2016","22 Dec 2016","16 Jan 2017","09 Feb 2017","07 Mar 2017","31 Mar 2017","27 Apr 2017","23 May 2017","15 Jun 2017","11 Jul 2017","03 Aug 2017","30 Aug 2017","22 Sep 2017","18 Oct 2017","13 Nov 2017","06 Dec 2017","01 Jan 2018","24 Jan 2018","20 Feb 2018","16 Mar 2018","12 Apr 2018"],"id":"780"},"stockPricesEventDays":{"exRightsStocks":{"20150714":37.32,"20150715":36.43,"20150716":36.58,"20150914":36.3,"20150717":35.49,"20150915":35.35,"20150831":43.13,"20150910":36.45,"20150911":34.7,"20150916":34.1,"20150918":35.25,"20150720":34.71,"20150803":60.88,"20150804":66.85,"20150727":45.28,"20150805":61.85,"20150728":48.44,"20150721":35.76,"20150722":39.12,"20150723":38.92,"20150921":36.75,"20150724":37.75,"20150922":35.35,"20150806":57.49,"20150729":45.2,"20150807":63.22,"20150730":50.27,"20150731":50.74,"20150813":54.6,"20150814":53.7,"20150810":60.49,"20150811":57.45,"20150812":53.43,"20150817":56.0,"20150818":53.86,"20150819":55.42,"20150901":40.99,"20150824":53.86,"20150902":38.96,"20150825":49.3,"20150826":46.96,"20150903":38.7,"20150827":47.11,"20150904":36.8,"20150820":56.0,"20150821":59.83,"20150909":34.9,"20150828":45.4,"20150907":35.0,"20150908":33.25},"anncStocks":{"20140929":17.71,"20141021":17.75,"20141120":28.59,"20141020":17.86,"20141117":27.07,"20141017":18.02,"20141016":17.75,"20141114":26.68,"20141113":27.65,"20141014":17.98,"20141112":25.86,"20141013":17.98,"20141111":27.38,"20141110":30.38,"20141119":27.96,"20141118":27.89,"20141010":17.94,"20141031":16.03,"20141030":16.34,"20141029":16.3,"20141007":18.45,"20141128":25.94,"20141205":27.61,"20141105":23.05,"20141028":16.42,"20140930":17.55,"20141127":25.82,"20141204":26.79,"20141027":16.69,"20141126":26.09,"20141203":25.7,"20141103":19.23,"20141125":25.51,"20141202":25.97,"20141124":26.99,"20141201":25.78,"20141023":17.04,"20141001":18.33,"20141022":16.58,"20141121":27.18,"20141208":32.88,"20141009":18.37,"20141107":27.65,"20141008":18.1},"recordStocks":{"20150716":36.58,"20150914":36.3,"20150717":35.49,"20150915":35.35,"20150831":43.13,"20150910":36.45,"20150911":34.7,"20150916":34.1,"20150918":35.25,"20150720":34.71,"20150923":35.6,"20150803":60.88,"20150924":35.5,"20150804":66.85,"20150727":45.28,"20150805":61.85,"20150728":48.44,"20150721":35.76,"20150722":39.12,"20150723":38.92,"20150921":36.75,"20150724":37.75,"20150922":35.35,"20150806":57.49,"20150729":45.2,"20150807":63.22,"20150730":50.27,"20150731":50.74,"20150813":54.6,"20150814":53.7,"20150810":60.49,"20150811":57.45,"20150812":53.43,"20150817":56.0,"20150818":53.86,"20150819":55.42,"20150901":40.99,"20150824":53.86,"20150902":38.96,"20150825":49.3,"20150903":38.7,"20150826":46.96,"20150904":36.8,"20150827":47.11,"20150820":56.0,"20150821":59.83,"20150909":34.9,"20150828":45.4,"20150907":35.0,"20150908":33.25}}}